<record><leader>00000cas a22000007a 4500</leader><controlfield tag="001">15534430</controlfield><controlfield tag="008">870415d194319uuinuwr ne      0    0eng d</controlfield><datafield ind1=" " ind2=" " tag="010"><subfield code="a">sn 87056085 </subfield></datafield><datafield ind1=" " ind2=" " tag="040"><subfield code="a">NPI</subfield><subfield code="b">eng</subfield><subfield code="c">NPI</subfield><subfield code="d">OCLCQ</subfield></datafield><datafield ind1=" " ind2=" " tag="042"><subfield code="a">msc</subfield></datafield><datafield ind1="0" ind2=" " tag="130"><subfield code="a">Richmond news (Richmond, Ind.)</subfield></datafield><datafield ind1="1" ind2="4" tag="245"><subfield code="a">The Richmond news.</subfield></datafield><datafield ind1=" " ind2=" " tag="260"><subfield code="a">Richmond, Ind. :</subfield><subfield code="b">Richmond New Pub. Corp.,</subfield><subfield code="c">1943-</subfield></datafield><datafield ind1=" " ind2=" " tag="310"><subfield code="a">Weekly,</subfield><subfield code="b">&lt;Aug. 1944&gt;-</subfield></datafield><datafield ind1=" " ind2=" " tag="321"><subfield code="a">Semiweekly,</subfield><subfield code="b">Nov. 11, 1943-&lt;July 25, 1944&gt;</subfield></datafield><datafield ind1="0" ind2=" " tag="362"><subfield code="a">9th year, no. 33 (Nov. 11, 1943)-</subfield></datafield><datafield ind1=" " ind2=" " tag="500"><subfield code="a">Under title in small print: Combined with The Ricmond Shopper and The News-Shopper.</subfield></datafield><datafield ind1=" " ind2=" " tag="752"><subfield code="a">United States</subfield><subfield code="b">Indiana</subfield><subfield code="c">Wayne</subfield><subfield code="d">Richmond.</subfield></datafield><datafield ind1="0" ind2="0" tag="780"><subfield code="t">News-shopper</subfield><subfield code="w">(DLC)sn 87056080</subfield></datafield></record>